<?xml version="1.0" encoding="UTF-8"?>
<marc:collection xmlns:marc="http://www.loc.gov/MARC21/slim">
    <marc:record>
        <marc:leader>00000cam  22002771  4500</marc:leader>
        <marc:controlfield tag="005">20120110164854.0</marc:controlfield>
        <marc:controlfield tag="008">830221s1872    fr      ob    000 0 fre  </marc:controlfield>
        <marc:controlfield tag="001">9936904069009161</marc:controlfield>
        <marc:datafield tag="035" ind1=" " ind2=" ">
            <marc:subfield code="a">(BKT01)000251052</marc:subfield>
        </marc:datafield>
        <marc:datafield tag="040" ind1=" " ind2=" ">
            <marc:subfield code="a">DLC</marc:subfield>
        </marc:datafield>
        <marc:datafield tag="100" ind1="1" ind2=" ">
            <marc:subfield code="a">Wilmart, Alexandre</marc:subfield>
        </marc:datafield>
        <marc:datafield tag="245" ind1="1" ind2="0">
            <marc:subfield code="a">Des ruptures utérines.</marc:subfield>
        </marc:datafield>
        <marc:datafield tag="260" ind1=" " ind2=" ">
            <marc:subfield code="a">Bruxelles :</marc:subfield>
            <marc:subfield code="b">Imprimerie de T. Lesigne,</marc:subfield>
            <marc:subfield code="c">1872.</marc:subfield>
        </marc:datafield>
        <marc:datafield tag="300" ind1=" " ind2=" ">
            <marc:subfield code="a">122 p.</marc:subfield>
        </marc:datafield>
        <marc:datafield tag="540" ind1=" " ind2=" ">
            <marc:subfield code="a">NOC-NC</marc:subfield>
        </marc:datafield>
        <marc:datafield tag="591" ind1=" " ind2=" ">
            <marc:subfield code="a">Europeana-GoogleBooks</marc:subfield>
        </marc:datafield>
        <marc:datafield tag="599" ind1=" " ind2=" ">
            <marc:subfield code="a">BIB.MED.003851;900000208428;GENT029-20120222;ONLINE</marc:subfield>
        </marc:datafield>
        <marc:datafield tag="650" ind1=" " ind2="0">
            <marc:subfield code="a">Uterus</marc:subfield>
            <marc:subfield code="x">Rupture.</marc:subfield>
        </marc:datafield>
        <marc:datafield tag="856" ind1="4" ind2=" ">
            <marc:subfield code="u">https://books.google.be/books?vid=GENT900000208428</marc:subfield>
            <marc:subfield code="3">Full text</marc:subfield>
            <marc:subfield code="y">BIB.MED.003851</marc:subfield>
        </marc:datafield>
        <marc:datafield tag="920" ind1=" " ind2=" ">
            <marc:subfield code="a">ebook</marc:subfield>
        </marc:datafield>
        <marc:datafield tag="SID" ind1=" " ind2=" ">
            <marc:subfield code="a">Z39</marc:subfield>
            <marc:subfield code="b">LOC</marc:subfield>
        </marc:datafield>
        <marc:datafield tag="952" ind1=" " ind2=" ">
            <marc:subfield code="a">53278062880009161</marc:subfield>
            <marc:subfield code="8">53278062880009161</marc:subfield>
        </marc:datafield>
    </marc:record>