
    <marc:record>
        <marc:leader>00000nam a22      u 4500</marc:leader>
        <marc:controlfield tag="005">20111012151959.0</marc:controlfield>
        <marc:controlfield tag="008">080108s1853    xx      o     000 0 ger d</marc:controlfield>
        <marc:controlfield tag="001">9936904069109161</marc:controlfield>
        <marc:datafield tag="035" ind1=" " ind2=" ">
            <marc:subfield code="a">(BKT01)000305939</marc:subfield>
        </marc:datafield>
        <marc:datafield tag="040" ind1=" " ind2=" ">
            <marc:subfield code="a">BE-GnUNI</marc:subfield>
        </marc:datafield>
        <marc:datafield tag="100" ind1="1" ind2=" ">
            <marc:subfield code="a">Sengler, Jacob</marc:subfield>
        </marc:datafield>
        <marc:datafield tag="245" ind1="1" ind2="0">
            <marc:subfield code="a">Gedaechtnissrede auf Anselm Feuerbach bei dessen akademischen Todtenfeier.</marc:subfield>
        </marc:datafield>
        <marc:datafield tag="260" ind1=" " ind2=" ">
            <marc:subfield code="a">Freiburg im Breisgau :</marc:subfield>
            <marc:subfield code="b">H. M. Poppen,</marc:subfield>
            <marc:subfield code="c">1853.</marc:subfield>
        </marc:datafield>
        <marc:datafield tag="300" ind1=" " ind2=" ">
            <marc:subfield code="a">4°.</marc:subfield>
        </marc:datafield>
        <marc:datafield tag="540" ind1=" " ind2=" ">
            <marc:subfield code="a">NOC-NC</marc:subfield>
        </marc:datafield>
        <marc:datafield tag="591" ind1=" " ind2=" ">
            <marc:subfield code="a">Europeana-GoogleBooks</marc:subfield>
        </marc:datafield>
        <marc:datafield tag="599" ind1=" " ind2=" ">
            <marc:subfield code="a">BIB.HIST.000512/9;900000055849;GENT021-20080819;CONVOLUUT;ONLINE</marc:subfield>
        </marc:datafield>
        <marc:datafield tag="700" ind1="1" ind2=" ">
            <marc:subfield code="a">Feuerbach, Joseph Anselm,</marc:subfield>
            <marc:subfield code="d">1798-1851.</marc:subfield>
        </marc:datafield>
        <marc:datafield tag="856" ind1="4" ind2=" ">
            <marc:subfield code="u">https://books.google.be/books?vid=GENT900000055849</marc:subfield>
            <marc:subfield code="3">Full text</marc:subfield>
            <marc:subfield code="y">BIB.HIST.000512/9</marc:subfield>
        </marc:datafield>
        <marc:datafield tag="920" ind1=" " ind2=" ">
            <marc:subfield code="a">ebook</marc:subfield>
        </marc:datafield>
        <marc:datafield tag="952" ind1=" " ind2=" ">
            <marc:subfield code="a">53278079960009161</marc:subfield>
            <marc:subfield code="8">53278079960009161</marc:subfield>
        </marc:datafield>
    </marc:record>