
    <marc:record>
        <marc:leader>00000nam  22      a4500</marc:leader>
        <marc:controlfield tag="005">20111012152000.0</marc:controlfield>
        <marc:controlfield tag="008">060426n1844    xx      o     000 0 fre d</marc:controlfield>
        <marc:controlfield tag="001">9936904069209161</marc:controlfield>
        <marc:datafield tag="035" ind1=" " ind2=" ">
            <marc:subfield code="a">(BKT01)000306321</marc:subfield>
        </marc:datafield>
        <marc:datafield tag="040" ind1=" " ind2=" ">
            <marc:subfield code="a">BE-GnUNI</marc:subfield>
        </marc:datafield>
        <marc:datafield tag="100" ind1="1" ind2=" ">
            <marc:subfield code="a">De Mersseman, Jacques Olivier Marie</marc:subfield>
            <marc:subfield code="d">1805-1853</marc:subfield>
        </marc:datafield>
        <marc:datafield tag="245" ind1="1" ind2="0">
            <marc:subfield code="a">Notice sur Corneille Van Baersdorp /</marc:subfield>
            <marc:subfield code="c">Par J. De Mersseman.</marc:subfield>
        </marc:datafield>
        <marc:datafield tag="260" ind1=" " ind2=" ">
            <marc:subfield code="a">Bruges :</marc:subfield>
            <marc:subfield code="b">Vandecasteele-Werbrouck,</marc:subfield>
            <marc:subfield code="c">1844.</marc:subfield>
        </marc:datafield>
        <marc:datafield tag="300" ind1=" " ind2=" ">
            <marc:subfield code="a">14 p.; ill.; 4°.</marc:subfield>
        </marc:datafield>
        <marc:datafield tag="500" ind1=" " ind2=" ">
            <marc:subfield code="a">Ex libris: Bibliothèque de Th. de Jonghe</marc:subfield>
        </marc:datafield>
        <marc:datafield tag="540" ind1=" " ind2=" ">
            <marc:subfield code="a">NOC-NC</marc:subfield>
        </marc:datafield>
        <marc:datafield tag="591" ind1=" " ind2=" ">
            <marc:subfield code="a">Europeana-GoogleBooks</marc:subfield>
        </marc:datafield>
        <marc:datafield tag="599" ind1=" " ind2=" ">
            <marc:subfield code="a">BIB.HIST.000657/1;900000052929;GENT021-20080819;CONVOLUUT;000000517765;ONLINE</marc:subfield>
        </marc:datafield>
        <marc:datafield tag="700" ind1="1" ind2=" ">
            <marc:subfield code="a">Van Baersdorp, Cornelis</marc:subfield>
        </marc:datafield>
        <marc:datafield tag="856" ind1="4" ind2=" ">
            <marc:subfield code="u">https://books.google.be/books?vid=GENT900000052929</marc:subfield>
            <marc:subfield code="3">Full text</marc:subfield>
            <marc:subfield code="y">BIB.HIST.000657/1</marc:subfield>
        </marc:datafield>
        <marc:datafield tag="920" ind1=" " ind2=" ">
            <marc:subfield code="a">ebook</marc:subfield>
        </marc:datafield>
        <marc:datafield tag="952" ind1=" " ind2=" ">
            <marc:subfield code="a">53278092860009161</marc:subfield>
            <marc:subfield code="8">53278092860009161</marc:subfield>
        </marc:datafield>
    </marc:record>
</marc:collection>